@book{book:ross2013,
   title =     {Simulation},
   author =    {Sheldon Ross},
   publisher = {Academic Press},
   isbn =      {},
   year =      {2013},
   series =    {},
   edition =   {5},
   volume =    {},
}

